<?xml version="1.0" encoding="UTF-8"?><collection xmlns="http://www.loc.gov/MARC21/slim"><record><leader>00590nam--2200181-i-4500</leader><controlfield tag="001">000041335</controlfield><controlfield tag="002">20161230</controlfield><controlfield tag="005">20161230201043</controlfield><controlfield tag="008">060222s1000------------r-----000-0-fre-d</controlfield><datafield ind1=" " ind2=" " tag="040"><subfield code="a">IFIN-HH</subfield></datafield><datafield ind1=" " ind2=" " tag="041"><subfield code="a">fre</subfield></datafield><datafield ind1=" " ind2=" " tag="080"><subfield code="a">539.172.4(043)</subfield></datafield><datafield ind1="1" ind2=" " tag="100"><subfield code="a">Shackleton,David</subfield></datafield><datafield ind1="1" ind2="0" tag="245"><subfield code="a">Etude des neutrons et des rayons gamma emis lors de la dission induite dans 235u et 239 pu par neutrons lents: mise en evident de la reaction (n,f)</subfield><subfield code="b">These</subfield><subfield code="c">David shackleton</subfield></datafield><datafield ind1=" " ind2=" " tag="260"><subfield code="a">Orsay</subfield><subfield code="b">Universite De Paris-sud</subfield><subfield code="c">1974</subfield></datafield><datafield ind1=" " ind2=" " tag="300"><subfield code="a">73 FIG</subfield></datafield><datafield ind1=" " ind2=" " tag="852"><subfield code="a">78165</subfield><subfield code="c">539.17</subfield></datafield><datafield ind1=" " ind2=" " tag="CAT"><subfield code="a">Sys</subfield><subfield code="c">20120626</subfield><subfield code="h">132634</subfield></datafield></record></collection>